<?xml version="1.0" encoding="UTF-8"?><collection xmlns="http://www.loc.gov/MARC21/slim"><record><leader>00559nam--2200193-u-4500</leader><controlfield tag="001">000053963</controlfield><controlfield tag="002">20161230</controlfield><controlfield tag="005">20161230201051</controlfield><controlfield tag="008">110726s1000------------r-----000-0-rus-d</controlfield><datafield ind1=" " ind2=" " tag="040"><subfield code="a">IFIN-HH</subfield></datafield><datafield ind1=" " ind2=" " tag="041"><subfield code="a">rus</subfield></datafield><datafield ind1=" " ind2=" " tag="080"><subfield code="a">539.214:621.18:539.4</subfield></datafield><datafield ind1="1" ind2=" " tag="100"><subfield code="a">Kontevoi, Iu.A</subfield></datafield><datafield ind1="1" ind2="0" tag="245"><subfield code="a">Plasticenosti i procenosti poluprovodnikovih materialov i struktur</subfield><subfield code="c">Iu.a. kontevoi, iu.m. litvinov, e.a. fattahov</subfield></datafield><datafield ind1=" " ind2=" " tag="260"><subfield code="a">Moskva</subfield><subfield code="b">Radio I Sviazi</subfield><subfield code="c">1982</subfield></datafield><datafield ind1=" " ind2=" " tag="300"><subfield code="a">239P</subfield></datafield><datafield ind1="1" ind2=" " tag="700"><subfield code="a">Fattahov, E.A</subfield></datafield><datafield ind1=" " ind2=" " tag="852"><subfield code="a">70351</subfield><subfield code="c">537.311.33</subfield></datafield><datafield ind1=" " ind2=" " tag="CAT"><subfield code="a">Sys</subfield><subfield code="c">20110726</subfield><subfield code="h">161947</subfield></datafield></record></collection>